<?xml version="1.0" encoding="UTF-8"?><collection xmlns="http://www.loc.gov/MARC21/slim"><record><leader>00337nam--2200121-i-4500</leader><controlfield tag="001">000019172</controlfield><controlfield tag="002">20161230</controlfield><controlfield tag="005">20161230201033</controlfield><controlfield tag="008">060222s1000------------r-----000-0-eng-d</controlfield><datafield ind1=" " ind2=" " tag="080"><subfield code="a">681.32</subfield></datafield><datafield ind1=" " ind2=" " tag="245"><subfield code="a">Fortrant ii.series 90, reference manual</subfield></datafield><datafield ind1=" " ind2=" " tag="260"><subfield code="a">Paris, Compagnie Europenne D Automatisme Electronique, 1966. Vi + 70 P</subfield></datafield><datafield ind1=" " ind2=" " tag="852"><subfield code="a">31755</subfield></datafield></record></collection>